% Encoding: UTF-8


@Article{smith2015fracture,
  Title                    = {Fracture of jammed colloidal suspensions},
  Author                   = {Smith, MI},
  Journal                  = {Scientific reports},
  Year                     = {2015},
  Volume                   = {5},

  Publisher                = {Nature Publishing Group}
}

@Article{backlabauto,
  author    = {Markin, Rodney S and Whalen, Scott A},
  title     = {Laboratory automation: trajectory, technology, and tactics},
  journal   = {Clinical chemistry},
  year      = {2000},
  volume    = {46},
  number    = {5},
  pages     = {764--771},
  publisher = {Am Assoc Clin Chem},
}

@Article{backautosci,
  author    = {King, Ross D and Rowland, Jem and Oliver, Stephen G and Young, Michael and Aubrey, Wayne and Byrne, Emma and Liakata, Maria and Markham, Magdalena and Pir, Pinar and Soldatova, Larisa N and others},
  title     = {The automation of science},
  journal   = {Science},
  year      = {2009},
  volume    = {324},
  number    = {5923},
  pages     = {85--89},
  publisher = {American Association for the Advancement of Science},
}

@InProceedings{backrobotsci,
  author       = {Lisca, Gheorghe and Nyga, Daniel and B{\'a}lint-Bencz{\'e}di, Ferenc and Langer, Hagen and Beetz, Michael},
  title        = {Towards robots conducting chemical experiments},
  booktitle    = {Intelligent Robots and Systems (IROS), 2015 IEEE/RSJ International Conference on},
  year         = {2015},
  pages        = {5202--5208},
  organization = {IEEE},
}

@Article{backlitrevai,
  author    = {Cohen, Paul R},
  title     = {DARPA's Big Mechanism program},
  journal   = {Physical biology},
  year      = {2015},
  volume    = {12},
  number    = {4},
  pages     = {045008},
  publisher = {IOP Publishing},
}

@InProceedings{backbaconauto,
  author    = {Zytkow, Jan M and Zhu, Jieming and Hussam, Abul},
  title     = {Automated Discovery in a Chemistry Laboratory.},
  booktitle = {AAAI},
  year      = {1990},
  pages     = {889--894},
}

@Article{backontorobsci,
  author    = {Soldatova, Larisa N and Clare, Amanda and Sparkes, Andrew and King, Ross D},
  title     = {An ontology for a Robot Scientist},
  journal   = {Bioinformatics},
  year      = {2006},
  volume    = {22},
  number    = {14},
  pages     = {e464--e471},
  publisher = {Oxford Univ Press},
}

@Misc{backwhatisplc,
  author       = {AMCI},
  title        = {What is a PLC?},
  howpublished = {[Online] \url{https://www.amci.com/industrial-automation-resources/plc-automation-tutorials/what-plc/}},
  year         = {2016},
  note         = {[Accessed 11 January 2017]},
  url          = {https://www.amci.com/industrial-automation-resources/plc-automation-tutorials/what-plc/},
}

@Misc{backwhatisauto,
  author       = {John Trigg},
  title        = {Building a Smart Laboratory 2012},
  howpublished = {[Online] \url{http://www.industriallabautomation.com/Smartlab.php}},
  year         = {2012},
  note         = {[Accessed 11 January 2017]},
}

@Misc{pipowercompold,
  author       = {Adrian Rosebrock},
  title        = {Install OpenCV and Python on your Raspberry Pi 2 and B+},
  howpublished = {[Online] \url{http://www.pyimagesearch.com/2015/02/23/install-opencv-and-python-on-your-raspberry-pi-2-and-b/}},
  year         = {2015},
  note         = {[Accessed 11 January 2017]},
}

@Misc{pipowercompnew,
  author       = {Adrian Rosebrock},
  title        = {Install guide: Raspberry Pi 3 + Raspbian Jessie + OpenCV 3},
  howpublished = {[Online] \url{http://www.pyimagesearch.com/2016/04/18/install-guide-raspberry-pi-3-raspbian-jessie-opencv-3/}},
  year         = {2016},
  note         = {[Accessed 11 January 2017]},
}

@Misc{pi3info,
  author       = {Raspberry Pi Foundation},
  title        = {Raspberry Pi 3 Model B},
  howpublished = {[Online] \url{https://www.raspberrypi.org/products/raspberry-pi-3-model-b/}},
  year         = {2016},
  note         = {[Accessed 11 January 2017]},
}

@Misc{pi1info,
  author       = {Element14},
  title        = {Raspberry PI Model A \& Model B Comparison},
  howpublished = {[Online] \url{http://downloads.element14.com/raspberryPi1.html}},
  note         = {[Accessed 11 January 2017]},
}

@Misc{pi3mechdraw,
  author       = {Raspberry Pi Foundation},
  title        = {Raspberry Pi 3 Model B, Mechanical Drawing},
  howpublished = {[Online] \url{https://www.raspberrypi.org/documentation/hardware/raspberrypi/mechanical/RPI-3B-V1_2.pdf}},
  year         = {2015},
  note         = {[Accessed 11 January 2017]},
}

@Misc{backwhatismc,
  author       = {Future Electronics},
  title        = {What is a Microcontroller?},
  howpublished = {[Online] \url{https://www.futureelectronics.com/en/Microcontrollers/microcontrollers.aspx}},
  note         = {[Accessed 11 January 2017]},
}

@Article{backmcedu1,
  author    = {Weiss, Bettina and Gridling, G{\"u}nther and Proske, Markus},
  title     = {A case study in efficient microcontroller education},
  journal   = {ACM SIGBED Review},
  year      = {2005},
  volume    = {2},
  number    = {4},
  pages     = {40--47},
  publisher = {ACM},
}

@InProceedings{backmcedu2,
  author    = {Monta{\~n}ez, Eduardo},
  title     = {Microcontrollers in education: embedded control--everywhere and everyday},
  booktitle = {Proceedings of the 2005 ASEE annual conference \& exposition},
  year      = {2005},
  pages     = {1--10},
}

@InProceedings{backmcedu3,
  author    = {Monta{\~n}ez, Eduardo},
  title     = {Microcontrollers in education: embedded control--everywhere and everyday},
  booktitle = {Proceedings of the 2005 ASEE annual conference \& exposition},
  year      = {2005},
  pages     = {1--10},
}

@Article{pihistory,
  author  = {Moorhead, Joanna},
  title   = {Raspberry Pi device will'reboot computing in schools'},
  journal = {The Guardian (London)},
  year    = {2012},
  volume  = {20},
}

@Misc{mcudia,
  author       = {Vysakh},
  title        = {Basics of Microcontrollers},
  howpublished = {[Online] \url{http://www.circuitstoday.com/basics-of-microcontrollers}},
  year         = {2011},
  note         = {[Accessed 11 January 2017]},
}

@Book{backprocautotheory,
  title     = {Process automation handbook: a guide to theory and practice},
  publisher = {Springer Science \& Business Media},
  year      = {2007},
  author    = {Love, Jonathan},
}

@Comment{jabref-meta: databaseType:bibtex;}
